@article{beam2018big,
  title={Big data and machine learning in health care},
  author={Beam, Andrew L and Kohane, Isaac S},
  journal={Jama},
  volume={319},
  number={13},
  pages={1317--1318},
  year={2018},
  publisher={American Medical Association}
}

@article{clusmann2023future,
  title={The future landscape of large language models in medicine},
  author={Clusmann, Jan and Kolbinger, Fiona R and Muti, Hannah Sophie and Carrero, Zunamys I and Eckardt, Jan-Niklas and Laleh, Narmin Ghaffari and L{\"o}ffler, Chiara Maria Lavinia and Schwarzkopf, Sophie-Caroline and Unger, Michaela and Veldhuizen, Gregory P and others},
  journal={Communications medicine},
  volume={3},
  number={1},
  pages={141},
  year={2023},
  publisher={Nature Publishing Group UK London}
}

@book{cohen2022intelligent,
  title={Intelligent systems in medicine and health: The role of AI},
  author={Cohen, Trevor A and Patel, Vimla L and Shortliffe, Edward H},
  year={2022},
  publisher={Springer}
}

@incollection{cohen2022introducing,
  title={Introducing AI in Medicine},
  author={Cohen, Trevor A and Patel, Vimla L and Shortliffe, Edward H},
  booktitle={Intelligent Systems in Medicine and Health: The Role of AI},
  pages={3--20},
  year={2022},
  publisher={Springer}
}

@article{cosentino2024towards,
  title={Towards a Personal Health Large Language Model},
  author={Cosentino, Justin and Belyaeva, Anastasiya and Liu, Xin and Furlotte, Nicholas A and Yang, Zhun and Lee, Chace and Schenck, Erik and Patel, Yojan and Cui, Jian and Schneider, Logan Douglas and others},
  journal={arXiv preprint arXiv:2406.06474},
  year={2024}
}

@article{gerke2020need,
  title={The need for a system view to regulate artificial intelligence/machine learning-based software as medical device},
  author={Gerke, Sara and Babic, Boris and Evgeniou, Theodoros and Cohen, I Glenn},
  journal={NPJ digital medicine},
  volume={3},
  number={1},
  pages={53},
  year={2020},
  publisher={Nature Publishing Group UK London}
}

@article{demner2009can,
  title={What can natural language processing do for clinical decision support?},
  author={Demner-Fushman, Dina and Chapman, Wendy W and McDonald, Clement J},
  journal={Journal of biomedical informatics},
  volume={42},
  number={5},
  pages={760--772},
  year={2009},
  publisher={Elsevier}
}


@inproceedings{eich1999internet,
  title={Internet-based decision-support server for acute abdominal pain},
  author={Eich, Hans-Peter and Ohmann, Christian},
  booktitle={Joint European Conference on Artificial Intelligence in Medicine and Medical Decision Making},
  pages={103--112},
  year={1999},
  organization={Springer}
}

@article{gobry1973computer,
  title={Computer-assisted clinical decision-making},
  author={Gobry, GA},
  journal={Methods of Information in Medicine},
  volume={12},
  number={01},
  pages={45--51},
  year={1973},
  publisher={Schattauer GmbH}
}

@book{holyoak2012oxford,
  title={The Oxford handbook of thinking and reasoning},
  author={Holyoak, Keith J and Morrison, Robert G},
  year={2012},
  publisher={Oxford University Press}
}

@article{johnson2024graph,
  title={Graph Artificial Intelligence in Medicine},
  author={Johnson, Ruth and Li, Michelle M and Noori, Ayush and Queen, Owen and Zitnik, Marinka},
  journal={Annual Review of Biomedical Data Science},
  volume={7},
  year={2024},
  publisher={Annual Reviews}
}

@article{jones2012unraveling,
  title={Unraveling the IT productivity paradoxâ€”lessons for health care},
  author={Jones, Spencer S and Heaton, Paul S and Rudin, Robert S and Schneider, Eric C and others},
  journal={N Engl J Med},
  volume={366},
  number={24},
  pages={2243--2245},
  year={2012},
  publisher={s}
}

@article{lehman2022learning,
  title={Learning to ask like a physician},
  author={Lehman, Eric and Lialin, Vladislav and Legaspi, Katelyn Y and Sy, Anne Janelle R and Pile, Patricia Therese S and Alberto, Nicole Rose I and Ragasa, Richard Raymund R and Puyat, Corinna Victoria M and Alberto, Isabelle Rose I and Alfonso, Pia Gabrielle I and others},
  journal={arXiv preprint arXiv:2206.02696},
  year={2022}
}

@incollection{musen2021clinical,
  title={Clinical decision-support systems},
  author={Musen, Mark A and Middleton, Blackford and Greenes, Robert A},
  booktitle={Biomedical informatics: computer applications in health care and biomedicine},
  pages={795--840},
  year={2021},
  publisher={Springer}
}

@article{panch2018artificial,
  title={Artificial intelligence, machine learning and health systems},
  author={Panch, Trishan and Szolovits, Peter and Atun, Rifat},
  journal={Journal of global health},
  volume={8},
  number={2},
  year={2018},
  publisher={International Society for Global Health}
}

@article{patel2023designing,
  title={Designing and implementing mHealth technology: the challenge of meeting the needs of diverse communities},
  author={Patel, Vimla L and Shortliffe, Edward H},
  journal={BMJ Health \& Care Informatics},
  volume={30},
  number={1},
  year={2023},
  publisher={BMJ Publishing Group}
}

@article{pashkov2016medical,
  title={Medical device software: defining key terms},
  author={Pashkov, Vitalii and Gutorova, Nataliya and Harkusha, Andrii},
  journal={Wiadomo{\'s}ci lekarskie},
  volume={69},
  number={6},
  pages={813--817},
  year={2016}
}

@article{shortliffe2023role,
  title={Role of evaluation throughout the life cycle of biomedical and health AI applications},
  author={Shortliffe, Edward H},
  journal={BMJ Health \& Care Informatics},
  volume={30},
  number={1},
  year={2023},
  publisher={BMJ Publishing Group}
}

@article{shortliffe2018clinical,
  title={Clinical decision support in the era of artificial intelligence},
  author={Shortliffe, Edward H and Sep{\'u}lveda, Martin J},
  journal={Jama},
  volume={320},
  number={21},
  pages={2199--2200},
  year={2018},
  publisher={American Medical Association}
}

@book{shortliffe2012computer,
  title={Computer-based medical consultations: MYCIN},
  author={Shortliffe, Edward},
  volume={2},
  year={2012},
  publisher={Elsevier}
}

@article{shortliffe1975model,
  title={A model of inexact reasoning in medicine},
  author={Shortliffe, Edward H and Buchanan, Bruce G},
  journal={Mathematical biosciences},
  volume={23},
  number={3-4},
  pages={351--379},
  year={1975},
  publisher={Elsevier}
}

@webpage{dd,
  title={{Differential Diagnosis}},
  url={https://my.clevelandclinic.org/health/diagnostics/22327-differential-diagnosis},
  note={Last Updated: 2022-01-27}
}

@webpage{AbExm,
  title={{Abdominal Examination}},
  author={Carl A. Mealie; Rimsha Ali; David E. Manthey},
  year={2024},
  url={https://www.ncbi.nlm.nih.gov/books/NBK459220/},
  note={Last Updated: 2024-05-25}
}